@book{DrahtlosZigbee,
place={Wiesbaden},
title={Drahtlose Zigbee-Netzwerke Ein Kompendium},
publisher={Springer Vieweg},
author={Krauße, Markus and Konrad, Rainer},
year={2014},
note = {Relevancy for paper: An entire german book with the topic of ZigBee, IEEE802.15.4 and WPAN}}

@ARTICLE{2003Standard,
  author={},
  journal={IEEE Std 802.15.4-2003}, 
  title={IEEE Standard for Telecommunications and Information Exchange Between Systems - LAN/MAN Specific Requirements - Part 15: Wireless Medium Access Control (MAC) and Physical Layer (PHY) Specifications for Low Rate Wireless Personal Area Networks (WPAN)}, 
  year={2003},
  volume={},
  number={},
  pages={1-680},
  doi={10.1109/IEEESTD.2003.94389},
  note ={Relevancy for paper: The IEEE802.15.4 standard from 2003 with all its specifications}}

@ARTICLE{2020Standard,
  author = {IEEE},  
  publisher={IEEE},
  journal={IEEE Std 802.15.4-2020 (Revision of IEEE Std 802.15.4-2015)}, 
  title={IEEE Standard for Low-Rate Wireless Networks}, 
  year={2020},
  volume={},
  number={},
  pages={1-800},
  doi={10.1109/IEEESTD.2020.9144691},
  note ={Relevancy for paper: The newer IEEE802.15.4 standard from 2020 with all its specifications}}

@INPROCEEDINGS{StudyForZigbee,
  author={Ramya, C. Muthu and Shanmugaraj, M and Prabakaran, R},
  booktitle={2011 3rd International Conference on Electronics Computer Technology}, 
  title={Study on ZigBee technology}, 
  year={2011},
  volume={6},
  number={},
  pages={297-301},
  doi={10.1109/ICECTECH.2011.5942102},
  note = {Relevancy for paper: A small study on the ZigBee technology with compact, useful information}}

@INPROCEEDINGS{reference2,
  author={Muñoz, Jonathan and Riou, Emmanuel and Vilajosana, Xavier and Muhlethaler, Paul and Watteyne, Thomas},
  booktitle={2018 Wireless Days (WD)}, 
  title={Overview of IEEE802.15.4g OFDM and its applicability to smart building applications}, 
  year={2018},
  volume={},
  number={},
  pages={123-130},
  doi={10.1109/WD.2018.8361707},
  note={Relevancy for paper: More information about IEEE802.15.4 and its applicability}}

  @book{Elahi, title={Zigbee wireless sensor and Control Network}, year={2009}, publisher={Pearson}, author={Elahi, Ata}} 


@online{Prasanna2022,
  author = {},
  title = {Zigbee Technology Advantages and Disadvantages | ZigBee Technology Architecture and Its Applications},
  year = {2022},
  url = {https://www.aplustopper.com/zigbee-technology-advantages-and-disadvantages/},
  urldate = {2023-05-21}
}

@online{DIGI2021,
  author = {Digi International},
  title = {Zigbee vs. Bluetooth: Choosing the Right Protocol for Your IoT Application},
  year = {2021},
  url = {https://www.digi.com/blog/post/zigbee-vs-bluetooth-choosing-the-right-protocol},
  urldate = {2023-05-21}
}

@online{BACnet,
  author = {BACnet Committee},
  title = {About BACnet},
  year = {2023},
  url = {https://bacnet.org/about/},
  urldate = {2023-05-21}
}

@inbook{WangJiangZhang2023,
  author = {Wang, Chonggang and Jiang, Tao and Zhang, Qian},
  title = {ZigBee Network Protocols and Applications},
  chapter = {11},
  publisher = {CRC Press},
  year = {2014},
  url = {https://learning.oreilly.com/library/view/zigbee-network-protocols/9781439816028/chapter-04.html}
}

@online{Instrumentation_Tools,
  author = {Instrumentation Tools},
  title = {What is HART Protocol?},
  year = {2023},
  url = {https://instrumentationtools.com/what-is-hart-protocol/},
  urldate = {2023-05-21}
}

@online{TechTarget2023,
  author = {TechTarget},
  title = {What is RFID (radio frequency identification)?},
  year = {2023},
  url = {https://www.techtarget.com/iotagenda/definition/RFID-radio-frequency-identification},
  urldate = {2023-05-21}
}

@online{ISA2023,
  author = {ISA},
  title = {ISA100, Wireless Systems for Automation},
  year = {2023},
  url = {https://www.isa.org/standards-and-publications/isa-standards/isa-standards-committees/isa100},
  urldate = {2023-05-21}
}
@online{polytechnichub,
  author = {Polytechnic Hub},
  title = {Advantages and disadvantages of zigbee},
  year = {2022},
  url = {https://www.polytechnichub.com/advantages-disadvantages-zigbee/},
  urldate = {2022-10-30}
}

@INPROCEEDINGS{CurrentStatusZigbee,
  author={Manpreet and Malhotra, Jyoteesh},
  booktitle={2015 International Conference on Computer and Computational Sciences (ICCCS)}, 
  title={ZigBee technology: Current status and future scope}, 
  year={2015},
  volume={},
  number={},
  pages={163-169},
  doi={10.1109/ICCACS.2015.7361343}}

@online{CSAZigBeeSpecs,
    author = "{ZigBee Alliance/Connectivity Standards Alliance}",
    title = {ZigBee Specification},
    year = {2017},
    url = {https://csa-iot.org/wp-content/uploads/2022/01/docs-05-3474-22-0csg-zigbee-specification-1.pdf},
     note = "[accessed 31-May-2023, Relevancy for paper: The official Zigbee specs by the main developers of the protocol]"
}
@misc{Amazon_1990, url={https://developer.amazon.com/en-US/docs/alexa/smarthome/zigbee-support.html}, journal={Amazon}, publisher={Peeters}, year={1990}} 

@online{WWAHu,
    author = "Zigbee Alliance",
    title = "The Alliance Announces the All Hubs Initiative",
    url  = "https://csa-iot.org/newsroom/all-hubs-initiative/",
    addendum = "(accessed: 06.06.2023)",
    keywords = "WWAHu"
}

@online{Security_AN1233,
    author = "Silicon labs",
    title = "AN1233: Zigbee Security",
    url  = "https://www.silabs.com/documents/public/application-notes/an1233-zigbee-security.pdf",
    addendum = "(accessed: 07.06.2023)",
    keywords = "Zigbee Security"
}

@online{Security_Analysis,
    author = "{Xueqi Fan, Fransisca Susan, William Long, Shangyan Li}",
    title = "Security Analysis of Zigbee",
    url  = "https://courses.csail.mit.edu/6.857/2017/project/17.pdf",
    addendum = "(accessed: 07.06.2023)",
    keywords = "Zigbee Security Analysis"
}

@online{CSAofficial,
    
    title = {Website of CSA},
    url  = {https://csa-iot.org/},
    publisher ={Connectivity Standards Alliance},
    addendum = "(accessed: 14.06.2023)",
    note = {Relevancy for paper: Main website of the developers of the ZigBee protocol. Information about its history etc.}
}

@online{ AmazonEchoImage,
  author = {Amazon},
  title = {Amazon echo},
  year = {2023},
  url = {https://www.amazon.de/-/en/generation-Smart-speaker-Alexa-Charcoal/dp/B085FXHR38},
  urldate = {2023-06-14}
}